@misc{
    face_recognition,
    author = {Adam Geitgey},
    title = {Face Recognition},
    year = {2018},
    publisher = {GitHub},
    journal = {GitHub repository},
    howpublished = {\url{https://github.com/ageitgey/face_recognition}}
}

@misc{
    tmdb-api,
    author = "Reference",
    title = "The Movie Database API {[online]}",
    type = "web page",
    note = {\url{https://developers.themoviedb.org} (visited: 2018-05-01)}
}
@misc{
    generic-hog,
    author = "Reference",
    title = "Make your own object detector! {[online]}",
    type = "web page",
    note = {\url{http://blog.dlib.net/2014/02/dlib-186-released-make-your-own-object.html} (visited: 2018-05-01)}
}

@article{
    Rothe-IJCV-2016,
    author = {Rasmus Rothe and Radu Timofte and Luc Van Gool},
    title = {Deep expectation of real and apparent age from a single image without facial landmarks},
    journal = {International Journal of Computer Vision (IJCV)},
    year = {2016},
    month = {July},
    note ={\url {"https://data.vision.ee.ethz.ch/cvl/rrothe/imdb-wiki/"} (visited: 2018-05-01)}
}

@article{
    hog,
    title = "Face recognition using Histograms of Oriented Gradients",
    journal = "Pattern Recognition Letters",
    volume = "32",
    number = "12",
    pages = "1598 - 1603",
    year = "2011",
    issn = "0167-8655",
    doi = "https://doi.org/10.1016/j.patrec.2011.01.004",
    url = "http://www.sciencedirect.com/science/article/pii/S0167865511000122",
    author = "O. DÃ©niz and G. Bueno and J. Salido and F. De la Torre",
    keywords = "Face recognition, Histograms of Oriented Gradients, Active Appearance Models"
}

@inproceedings{
    face-alignment,
    title={One millisecond face alignment with an ensemble of regression trees},
    author={Kazemi, Vahid and Josephine, Sullivan},
    booktitle={27th IEEE Conference on Computer Vision and Pattern Recognition, CVPR 2014, Columbus, United States, 23 June 2014 through 28 June 2014},
    pages={1867--1874},
    year={2014},
    organization={IEEE Computer Society}
}